@article{greenwade93,
    author  = "George D. Greenwade",
    title   = "The {C}omprehensive {T}ex {A}rchive {N}etwork ({CTAN})",
    year    = "1993",
    journal = "TUGBoat",
    volume  = "14",
    number  = "3",
    pages   = "342--351"
}

@article{yuzhe,
    author  = "Shiyuzhe",
    title   = "Untitled",
    year    = "2022",
    journal = "HuChe",
    volume  = "1",
    number  = "2",
    pages   = "3"
}

@article{linzexu,
    author  = "{林则徐}",
    title   = "赴戍登程口占示家人",
    year    = "1842",
    journal = "云左山房诗钞",
    volume  = "6",
}